<record><leader>00000cas a22000001a 4500</leader><controlfield tag="001">31856443</controlfield><controlfield tag="007">hd bfb017baca</controlfield><controlfield tag="007">hd bfb017baaa</controlfield><controlfield tag="008">950119d18701912mauwr nea     0   a0eng c</controlfield><datafield ind1=" " ind2=" " tag="010"><subfield code="a">sn 94080121 </subfield></datafield><datafield ind1=" " ind2=" " tag="040"><subfield code="a">NN</subfield><subfield code="b">eng</subfield><subfield code="c">RQM</subfield><subfield code="d">OCLCQ</subfield><subfield code="d">UKMGB</subfield><subfield code="d">OCLCQ</subfield><subfield code="d">OCLCF</subfield><subfield code="d">OCLCO</subfield><subfield code="d">OCLCQ</subfield><subfield code="d">OCLCA</subfield></datafield><datafield ind1=" " ind2=" " tag="012"><subfield code="i">9411</subfield></datafield><datafield ind1="7" ind2=" " tag="016"><subfield code="a">013939415</subfield><subfield code="2">Uk</subfield></datafield><datafield ind1=" " ind2=" " tag="042"><subfield code="a">pcc</subfield></datafield><datafield ind1=" " ind2=" " tag="043"><subfield code="a">n-us---</subfield></datafield><datafield ind1="0" ind2="4" tag="082"><subfield code="a">324.3</subfield><subfield code="b">fW87</subfield></datafield><datafield ind1="0" ind2=" " tag="130"><subfield code="a">Woman's journal (Boston, Mass. : 1870)</subfield></datafield><datafield ind1="1" ind2="4" tag="245"><subfield code="a">The woman's journal.</subfield></datafield><datafield ind1="1" ind2="3" tag="246"><subfield code="a">Woman's journal and the woman's advocate</subfield></datafield><datafield ind1=" " ind2=" " tag="260"><subfield code="a">Boston ;</subfield><subfield code="a">Chicago :</subfield><subfield code="b">[publisher not identified],</subfield><subfield code="c">1870-1912.</subfield></datafield><datafield ind1=" " ind2=" " tag="300"><subfield code="a">43 volumes :</subfield><subfield code="b">illustrations ;</subfield><subfield code="c">47-61 cm</subfield></datafield><datafield ind1=" " ind2=" " tag="310"><subfield code="a">Weekly</subfield></datafield><datafield ind1=" " ind2=" " tag="336"><subfield code="a">text</subfield><subfield code="b">txt</subfield><subfield code="2">rdacontent</subfield></datafield><datafield ind1=" " ind2=" " tag="337"><subfield code="a">microform</subfield><subfield code="b">h</subfield><subfield code="2">rdamedia</subfield></datafield><datafield ind1=" " ind2=" " tag="338"><subfield code="a">microfilm reel</subfield><subfield code="b">hd</subfield><subfield code="2">rdacarrier</subfield></datafield><datafield ind1="0" ind2=" " tag="362"><subfield code="a">Vol. 1, no. 1 (Jan. 8, 1870)-v. 43, no. 40 (Oct. 12, 1912).</subfield></datafield><datafield ind1=" " ind2=" " tag="500"><subfield code="a">Published simultaneously in Boston, Mass. and Chicago, Ill., Jan. 8-Dec. 31, 1870, and in Boston, Chicago, and St. Louis, Mo., Jan. 7, 1871-&lt;Feb. 13, 1875&gt;.</subfield></datafield><datafield ind1=" " ind2=" " tag="550"><subfield code="a">Official organ of: National American Woman Suffrage Association, July 2, 1910-Oct. 12, 1912.</subfield></datafield><datafield ind1=" " ind2=" " tag="533"><subfield code="a">Microfilm.</subfield><subfield code="m">v.2,29 (1871,1898)</subfield><subfield code="b">New York :</subfield><subfield code="c">New York Public Library,</subfield><subfield code="d">[197-].</subfield><subfield code="e">1 microfilm reel ; 35 mm.</subfield></datafield><datafield ind1=" " ind2="0" tag="650"><subfield code="a">Women</subfield><subfield code="z">United States</subfield><subfield code="v">Newspapers.</subfield></datafield><datafield ind1=" " ind2="0" tag="650"><subfield code="a">Women</subfield><subfield code="x">Suffrage</subfield><subfield code="v">Newspapers.</subfield></datafield><datafield ind1=" " ind2="7" tag="650"><subfield code="a">Women.</subfield><subfield code="2">fast</subfield><subfield code="0">(OCoLC)fst01176568</subfield></datafield><datafield ind1=" " ind2="7" tag="650"><subfield code="a">Women</subfield><subfield code="x">Suffrage.</subfield><subfield code="2">fast</subfield><subfield code="0">(OCoLC)fst01176996</subfield></datafield><datafield ind1=" " ind2="7" tag="651"><subfield code="a">United States.</subfield><subfield code="2">fast</subfield><subfield code="0">(OCoLC)fst01204155</subfield></datafield><datafield ind1=" " ind2="7" tag="655"><subfield code="a">Newspapers.</subfield><subfield code="2">fast</subfield><subfield code="0">(OCoLC)fst01423814</subfield></datafield><datafield ind1="2" ind2=" " tag="710"><subfield code="a">National American Woman Suffrage Association.</subfield></datafield><datafield ind1="2" ind2=" " tag="710"><subfield code="a">National American Woman Suffrage Association Collection (Library of Congress)</subfield></datafield><datafield ind1=" " ind2=" " tag="752"><subfield code="a">United States</subfield><subfield code="b">Massachusetts</subfield><subfield code="c">Suffolk</subfield><subfield code="d">Boston.</subfield></datafield><datafield ind1=" " ind2=" " tag="752"><subfield code="a">United States</subfield><subfield code="b">Illinois</subfield><subfield code="c">Cook</subfield><subfield code="d">Chicago.</subfield></datafield><datafield ind1="1" ind2=" " tag="776"><subfield code="c">Original</subfield><subfield code="w">(DLC)   10014443</subfield></datafield><datafield ind1="0" ind2="0" tag="780"><subfield code="t">Agitator (Chicago, Ill.)</subfield></datafield><datafield ind1="0" ind2="5" tag="780"><subfield code="t">Woman's advocate</subfield><subfield code="g">Aug. 13, 1870</subfield></datafield><datafield ind1="0" ind2="5" tag="780"><subfield code="t">Progress (National American Woman Suffrage Association)</subfield><subfield code="g">July 2, 1910</subfield></datafield><datafield ind1="0" ind2="0" tag="785"><subfield code="t">Woman's journal and suffrage news</subfield></datafield><datafield ind1=" " ind2=" " tag="850"><subfield code="a">NN</subfield><subfield code="a">NN (master)</subfield></datafield><datafield ind1="1" ind2=" " tag="029"><subfield code="a">AU@</subfield><subfield code="b">000024761147</subfield></datafield></record>